<?xml version="1.0" encoding="UTF-8"?><collection xmlns="http://www.loc.gov/MARC21/slim"><record><leader>00522nam--2200133-i-4500</leader><controlfield tag="001">000004182</controlfield><controlfield tag="002">20161230</controlfield><controlfield tag="005">20170222183258</controlfield><controlfield tag="008">060222s1000------------r-----000-0-eng-d</controlfield><datafield ind1=" " ind2=" " tag="245"><subfield code="a">Cold working of metals. A seminar on te cold working of metals held during the thirtieth national metal congress and exposition, Philadelphia, oct.23 to 29, 1948, sponsored by the American Society for Metals</subfield></datafield><datafield ind1=" " ind2=" " tag="260"><subfield code="a">Cleveland, Ohio</subfield><subfield code="b">American Society For Metals</subfield><subfield code="c">1949</subfield></datafield><datafield ind1=" " ind2=" " tag="300"><subfield code="a">364 p</subfield></datafield><datafield ind1=" " ind2=" " tag="852"><subfield code="a">621.7</subfield></datafield><datafield ind1=" " ind2=" " tag="CAT"><subfield code="a">SYS</subfield><subfield code="c">20170222</subfield><subfield code="h">183258</subfield></datafield></record></collection>